@ARTICLE{2015arXiv150705086P,
   author = {{Pan}, X. and {Papailiopoulos}, D. and {Oymak}, S. and {Recht}, B. and 
	{Ramchandran}, K. and {Jordan}, M.~I.},
    title = "{Parallel Correlation Clustering on Big Graphs}",
  journal = {ArXiv e-prints},
archivePrefix = "arXiv",
   eprint = {1507.05086},
 primaryClass = {"cs.DC"}
}


@article{duchi2012randomized,
  title={Randomized smoothing for stochastic optimization},
  author={Duchi, John C and Bartlett, Peter L and Wainwright, Martin J},
  journal={SIAM Journal on Optimization},
  volume={22},
  number={2},
  pages={674--701},
  year={2012},
  publisher={SIAM}
}

@article{hazan2014beyond,
  title={Beyond the regret minimization barrier: optimal algorithms for stochastic strongly-convex optimization},
  author={Hazan, Elad and Kale, Satyen},
  journal={The Journal of Machine Learning Research},
  volume={15},
  number={1},
  pages={2489--2512},
  year={2014},
  publisher={JMLR. org}
}

@article{bubeck2014theory,
  title={Theory of convex optimization for machine learning},
  author={Bubeck, S{\'e}bastien},
  journal={arXiv preprint arXiv:1405.4980},
  year={2014}
}

@inproceedings{moulines2011non,
  title={Non-asymptotic analysis of stochastic approximation algorithms for machine learning},
  author={Moulines, Eric and Bach, Francis R},
  booktitle={Advances in Neural Information Processing Systems},
  pages={451--459},
  year={2011}
}

@inproceedings{needell2014stochastic,
  title={Stochastic gradient descent, weighted sampling, and the randomized Kaczmarz algorithm},
  author={Needell, Deanna and Ward, Rachel and Srebro, Nati},
  booktitle={Advances in Neural Information Processing Systems},
  pages={1017--1025},
  year={2014}
}

@article{hong2014distributed,
  title={A Distributed, Asynchronous and Incremental Algorithm for Nonconvex Optimization: An ADMM Based Approach},
  author={Hong, Mingyi},
  journal={arXiv preprint arXiv:1412.6058},
  year={2014}
}

@article{feyzmahdavian2015asynchronous,
  title={An Asynchronous Mini-Batch Algorithm for Regularized Stochastic Optimization},
  author={Feyzmahdavian, Hamid Reza and Aytekin, Arda and Johansson, Mikael},
  journal={arXiv preprint arXiv:1505.04824},
  year={2015}
}

@article{peng2015arock,
 author = {{Peng}, Z. and {Xu}, Y. and {Yan}, M. and {Yin}, W.},
    title = "{ARock: an Algorithmic Framework for Asynchronous Parallel Coordinate Updates}",
  journal = {arXiv preprint arXiv:1506.02396},
     year = {2015}
}

@article{reddi2015variance,
  title={On Variance Reduction in Stochastic Gradient Descent and its Asynchronous Variants},
  author={Reddi, Sashank J and Hefny, Ahmed and Sra, Suvrit and P{\'o}czos, Barnab{\'a}s and Smola, Alex},
  journal={arXiv preprint arXiv:1506.06840},
  year={2015}
}

@article{lian2015asynchronous,
  title={Asynchronous Parallel Stochastic Gradient for Nonconvex Optimization},
  author={Lian, Xiangru and Huang, Yijun and Li, Yuncheng and Liu, Ji},
  journal={arXiv preprint arXiv:1506.08272},
  year={2015}
}

@article{de2015taming,
  title={Taming the Wild: A Unified Analysis of Hogwild!-Style Algorithms},
  author={De Sa, Christopher and Zhang, Ce and Olukotun, Kunle and R{\'e}, Christopher},
  journal={arXiv preprint arXiv:1506.06438},
  year={2015}
}

@article{liu2015asynchronous,
  title={Asynchronous stochastic coordinate descent: Parallelism and convergence properties},
  author={Liu, Ji and Wright, Stephen J},
  journal={SIAM Journal on Optimization},
  volume={25},
  number={1},
  pages={351--376},
  year={2015},
  publisher={SIAM}
}

@article{mania2015perturbed,
  title={Perturbed Iterate Analysis for Asynchronous Stochastic Optimization},
  author={Mania, Horia and Pan, Xinghao and Papailiopoulos, Dimitris and Recht, Benjamin and Ramchandran, Kannan and Jordan, Michael I},
  journal={arXiv preprint arXiv:1507.06970},
  year={2015}
}


@inproceedings{jaggi2014communication,
  title={Communication-efficient distributed dual coordinate ascent},
  author={Jaggi, Martin and Smith, Virginia and Tak{\'a}c, Martin and Terhorst, Jonathan and Krishnan, Sanjay and Hofmann, Thomas and Jordan, Michael I},
  booktitle={Advances in Neural Information Processing Systems},
  pages={3068--3076},
  year={2014}
}

@inproceedings{agarwal2011distributed,
  title={Distributed delayed stochastic optimization},
  author={Agarwal, Alekh and Duchi, John C},
  booktitle={Advances in Neural Information Processing Systems},
  pages={873--881},
  year={2011}
}

@inproceedings{gemulla2011large,
  title={Large-scale matrix factorization with distributed stochastic gradient descent},
  author={Gemulla, Rainer and Nijkamp, Erik and Haas, Peter J and Sismanis, Yannis},
  booktitle={Proceedings of the 17th ACM SIGKDD international conference on Knowledge discovery and data mining},
  pages={69--77},
  year={2011},
  organization={ACM}
}

@inproceedings{zinkevich2010parallelized,
  title={Parallelized stochastic gradient descent},
  author={Zinkevich, Martin and Weimer, Markus and Li, Lihong and Smola, Alex J},
  booktitle={Advances in Neural Information Processing Systems},
  pages={2595--2603},
  year={2010}
}

@article{yun2013nomad,
  title={NOMAD: Non-locking, stOchastic Multi-machine algorithm for Asynchronous and Decentralized matrix completion},
  author={Yun, Hyokun and Yu, Hsiang-Fu and Hsieh, Cho-Jui and Vishwanathan, SVN and Dhillon, Inderjit},
  journal={arXiv preprint arXiv:1312.0193},
  year={2013}
}

@inproceedings{zhuang2013fast,
  title={A fast parallel sgd for matrix factorization in shared memory systems},
  author={Zhuang, Yong and Chin, Wei-Sheng and Juan, Yu-Chin and Lin, Chih-Jen},
  booktitle={Proceedings of the 7th ACM conference on Recommender systems},
  pages={249--256},
  year={2013},
  organization={ACM}
}

@inproceedings{recht2012factoring,
  title={Factoring nonnegative matrices with linear programs},
  author={Recht, Ben and Re, Christopher and Tropp, Joel and Bittorf, Victor},
  booktitle={Advances in Neural Information Processing Systems},
  pages={1214--1222},
  year={2012}
}

@inproceedings{chilimbi2014project,
  title={Project adam: Building an efficient and scalable deep learning training system},
  author={Chilimbi, Trishul and Suzue, Yutaka and Apacible, Johnson and Kalyanaraman, Karthik},
  booktitle={11th USENIX Symposium on Operating Systems Design and Implementation (OSDI 14)},
  pages={571--582},
  year={2014}
}

@inproceedings{dean2012large,
  title={Large scale distributed deep networks},
  author={Dean, Jeffrey and Corrado, Greg and Monga, Rajat and Chen, Kai and Devin, Matthieu and Mao, Mark and Senior, Andrew and Tucker, Paul and Yang, Ke and Le, Quoc V and others},
  booktitle={Advances in Neural Information Processing Systems},
  pages={1223--1231},
  year={2012}
}

@article{recht2013parallel,
  title={Parallel stochastic gradient algorithms for large-scale matrix completion},
  author={Recht, Benjamin and R{\'e}, Christopher},
  journal={Mathematical Programming Computation},
  volume={5},
  number={2},
  pages={201--226},
  year={2013},
  publisher={Springer}
}

@book{arora2009computational,
  title={Computational complexity: a modern approach},
  author={Arora, Sanjeev and Barak, Boaz},
  year={2009},
  publisher={Cambridge University Press}
}


@article{arora2015rand,
  title={RAND-WALK: A Latent Variable Model Approach to Word Embeddings},
  author={Arora, Sanjeev and Li, Yuanzhi and Liang, Yingyu and Ma, Tengyu and Risteski, Andrej},
  journal={arXiv preprint arXiv:1502.03520},
  year={2015}
}


@article{zhang2014dimmwitted,
  title={DimmWitted: A study of main-memory statistical analytics},
  author={Zhang, Ce and R{\'e}, Christopher},
  journal={Proceedings of the VLDB Endowment},
  volume={7},
  number={12},
  pages={1283--1294},
  year={2014},
  publisher={VLDB Endowment}
}


@article{chazan1969chaotic,
  title={Chaotic relaxation},
  author={Chazan, Daniel and Miranker, Willard},
  journal={Linear algebra and its applications},
  volume={2},
  number={2},
  pages={199--222},
  year={1969},
  publisher={Elsevier}
}

@book{bertsekas1989parallel,
  title={Parallel and distributed computation: numerical methods},
  author={Bertsekas, Dimitri P and Tsitsiklis, John N},
  volume={23},
  year={1989},
  publisher={Prentice hall Englewood Cliffs, NJ}
}

@article{tsitsiklis1986distributed,
  title={Distributed asynchronous deterministic and stochastic gradient optimization algorithms},
  author={Tsitsiklis, John N and Bertsekas, Dimitri P and Athans, Michael},
  journal={IEEE transactions on automatic control},
  volume={31},
  number={9},
  pages={803--812},
  year={1986}
}



@inproceedings{zinkevich2009slow,
  title={Slow learners are fast},
  author={Zinkevich, Martin and Langford, John and Smola, Alex J},
  booktitle={Advances in Neural Information Processing Systems},
  pages={2331--2339},
  year={2009}
}

@inproceedings{niu2011hogwild,
  title={Hogwild: A lock-free approach to parallelizing stochastic gradient descent},
  author={Niu, Feng and Recht, Benjamin and Re, Christopher and Wright, Stephen},
  booktitle={Advances in Neural Information Processing Systems},
  pages={693--701},
  year={2011}
}

@article{richtarik2012parallel,
  title={Parallel coordinate descent methods for big data optimization},
  author={Richt{\'a}rik, Peter and Tak{\'a}{\v{c}}, Martin},
  journal={arXiv preprint arXiv:1212.0873},
  year={2012}
}

@inproceedings{duchi2013estimation,
  title={Estimation, optimization, and parallelism when data is sparse},
  author={Duchi, John and Jordan, Michael I and McMahan, Brendan},
  booktitle={Advances in Neural Information Processing Systems},
  pages={2832--2840},
  year={2013}
}


@inproceedings{johnson2013accelerating,
  title={Accelerating stochastic gradient descent using predictive variance reduction},
  author={Johnson, Rie and Zhang, Tong},
  booktitle={Advances in Neural Information Processing Systems},
  pages={315--323},
  year={2013}
}


@inproceedings{liu2014asynchronous1,
  title={An Asynchronous Parallel Stochastic Coordinate Descent Algorithm},
  author={Liu, Ji and Wright, Steve and Re, Christopher and Bittorf, Victor and Sridhar, Srikrishna},
  booktitle={Proceedings of the 31st International Conference on Machine Learning (ICML-14)},
  pages={469--477},
  year={2014}
}




@article{liu2014asynchronous2,
  title={An asynchronous parallel randomized Kaczmarz algorithm},
  author={Liu, Ji and Wright, Stephen J and Sridhar, Srikrishna},
  journal={arXiv preprint arXiv:1401.4780},
  year={2014}
}

@inproceedings{avron2014revisiting,
  title={Revisiting asynchronous linear solvers: Provable convergence rate through randomization},
  author={Avron, Haim and Druinsky, Alex and Gupta, Anshul},
  booktitle={Parallel and Distributed Processing Symposium, 2014 IEEE 28th International},
  pages={198--207},
  year={2014},
  organization={IEEE}
}

@article{wang2014asynchronous,
  title={Asynchronous Parallel Block-Coordinate Frank-Wolfe},
  author={Wang, Yu-Xiang and Sadhanala, Veeranjaneyulu and Dai, Wei and Neiswanger, Willie and Sra, Suvrit and Xing, Eric P},
  journal={arXiv preprint arXiv:1409.6086},
  year={2014}
}


@article{hsieh2015passcode,
  title={PASSCoDe: Parallel ASynchronous Stochastic dual Co-ordinate Descent},
  author={Hsieh, Cho-Jui and Yu, Hsiang-Fu and Dhillon, Inderjit S},
  journal={arXiv preprint arXiv:1504.01365},
  year={2015}
}



@article{krivelevich2014phase,
  title={The phase transition in site percolation on pseudo-random graphs},
  author={Krivelevich, Michael},
  journal={arXiv preprint arXiv:1404.5731},
  year={2014}
}

@article{lewis2004rcv1,
  title={Rcv1: A new benchmark collection for text categorization research},
  author={Lewis, David D and Yang, Yiming and Rose, Tony G and Li, Fan},
  journal={The Journal of Machine Learning Research},
  volume={5},
  pages={361--397},
  year={2004},
  publisher={JMLR. org}
}

@inproceedings{ma2009identifying,
  title={Identifying suspicious URLs: an application of large-scale online learning},
  author={Ma, Justin and Saul, Lawrence K and Savage, Stefan and Voelker, Geoffrey M},
  booktitle={Proceedings of the 26th Annual International Conference on Machine Learning},
  pages={681--688},
  year={2009},
  organization={ACM}
}

@misc{libsvmdata,
  title={{LIBSVM} Data: Classification (Binary Class)},
  howpublished={\url{http://www.csie.ntu.edu.tw/~cjlin/libsvmtools/datasets/binary.html}},
  note={Accessed: 2015-05-29}
}

@inproceedings{BoVWFI,
  author ="P. Boldi and S. Vigna",
  title = "The {W}eb{G}raph Framework {I}: {C}ompression Techniques",
  year = 2004,
  booktitle={"WWW"}
}

@inproceedings{BRSLLP,
  author = "P. Boldi and M. Rosa and M. Santini and S. Vigna",
  title = "Layered Label Propagation: A MultiResolution Coordinate-Free Ordering for Compressing Social Networks",
  booktitle="WWW",
  year = 2011,
  publisher={"ACM Press"}
}

@article{BCSU3,
  author="P. Boldi and B. Codenotti and M. Santini and S. Vigna",
  title="UbiCrawler: A Scalable Fully Distributed Web Crawler",
  journal="Software: Practice \& Experience",
  year=2004,
  volume=34,
  number=8,
  pages= {"711--726"}
}






